<record><leader>00000cas a22000007a 4500</leader><controlfield tag="001">19758357</controlfield><controlfield tag="008">890524c19759999mouwr ne      0    0eng d</controlfield><datafield ind1=" " ind2=" " tag="010"><subfield code="a">sn 89066565 </subfield></datafield><datafield ind1=" " ind2=" " tag="040"><subfield code="a">MQN</subfield><subfield code="b">eng</subfield><subfield code="c">MQN</subfield><subfield code="d">OCLCQ</subfield></datafield><datafield ind1=" " ind2=" " tag="042"><subfield code="a">msc</subfield></datafield><datafield ind1="0" ind2="4" tag="245"><subfield code="a">The Cameron citizen observer.</subfield></datafield><datafield ind1=" " ind2=" " tag="260"><subfield code="a">Cameron, Mo. :</subfield><subfield code="b">Donald M. Weaver</subfield></datafield><datafield ind1=" " ind2=" " tag="300"><subfield code="a">v.</subfield></datafield><datafield ind1=" " ind2=" " tag="310"><subfield code="a">Weekly,</subfield><subfield code="b">&lt;Feb. 1977&gt;-</subfield></datafield><datafield ind1=" " ind2=" " tag="321"><subfield code="a">Daily,</subfield><subfield code="b">Jan. 6, 1975-Feb. 4, 1977</subfield></datafield><datafield ind1="0" ind2=" " tag="362"><subfield code="a">Vol. 68, no. 211 (Jan. 6, 1975)-</subfield></datafield><datafield ind1=" " ind2=" " tag="515"><subfield code="a">Continues numbering of: Cameron news-observer.</subfield></datafield><datafield ind1=" " ind2=" " tag="580"><subfield code="a">Formed by the union of: Cameron news-observer, and: Cameron sun (Cameron, Mo. : 1973), and: Cameron citizen.</subfield></datafield><datafield ind1=" " ind2="4" tag="651"><subfield code="a">Cameron (Mo.)</subfield><subfield code="v">Newspapers.</subfield></datafield><datafield ind1=" " ind2=" " tag="752"><subfield code="a">United States</subfield><subfield code="b">Missouri</subfield><subfield code="c">Clinton</subfield><subfield code="d">Cameron.</subfield></datafield><datafield ind1="1" ind2="4" tag="780"><subfield code="t">Cameron news-observer</subfield><subfield code="w">(DLC)sn 89066560</subfield></datafield><datafield ind1="1" ind2="4" tag="780"><subfield code="t">Cameron sun (Cameron, Mo. : 1973)</subfield><subfield code="w">(DLC)sn 89066563</subfield></datafield><datafield ind1="1" ind2="4" tag="780"><subfield code="t">Cameron citizen</subfield><subfield code="w">(DLC)sn 89066564</subfield></datafield><datafield ind1="1" ind2=" " tag="029"><subfield code="a">AU@</subfield><subfield code="b">000020556892</subfield></datafield></record>